% This file was created with Citavi 6.5.0.0

@proceedings{.2002,
 year = {2002},
 title = {Proc. 17th international Workshop on Statistical Modeling}
}


@article{Jones.2004,
 author = {Jones, Galin L.},
 year = {2004},
 title = {On the {M}arkov chain central limit theorem},
 pages = {299--320},
 volume = {1},
 journal = {Probability surveys}
}


@article{Jones.2004b,
 author = {Jones, Galin L. and Hobert, James P.},
 year = {2004},
 title = {Sufficient burn-in for Gibbs samplers for a hierarchical random effects model},
 pages = {784--817},
 volume = {32},
 number = {2},
 journal = {the Annals of Statistics}
}


@article{Kermack.1927,
 author = {Kermack, William Ogilvy and McKendrick, Anderson G.},
 year = {1927},
 title = {A contribution to the mathematical theory of epidemics},
 pages = {700--721},
 volume = {115},
 number = {772},
 journal = {Proceedings of the royal society of london. Series A, Containing papers of a mathematical and physical character}
}


@article{King.2015,
 author = {King, Aaron A. and Nguyen, Dao and Ionides, Edward L.},
 year = {2015},
 title = {Statistical inference for partially observed {M}arkov processes via the {R} package pomp},
 journal = {arXiv preprint arXiv:1509.00503}
}


@article{Kypraios.2017,
 author = {Kypraios, Theodore and Neal, Peter and Prangle, Dennis},
 year = {2017},
 title = {A tutorial introduction to {B}ayesian inference for stochastic epidemic models using Approximate {B}ayesian Computation},
 pages = {42--53},
 volume = {287},
 journal = {Mathematical biosciences}
}


@article{martinez2021statistical,
  title={Statistical implications of relaxing the homogeneous mixing assumption in time series Susceptible-Infectious-Removed models},
  author={Martinez Lomeli, Luis DJ and Ngo, Michelle N and Wakefield, Jon and Shahbaba, Babak and Minin, Vladimir N},
  journal={arXiv e-prints},
  pages={arXiv--2112},
  year={2021}
}

@article{Kypraios.2018,
 author = {Kypraios, Theodore and O'Neill, Philip D.},
 year = {2018},
 title = {Bayesian nonparametrics for stochastic epidemic models},
 pages = {44--56},
 volume = {33},
 number = {1},
 journal = {Statistical science}
}

@article{bu2020likelihood,
  title={Likelihood-based inference for partially observed epidemics on dynamic networks},
  author={Bu, Fan and Aiello, Allison E and Xu, Jason and Volfovsky, Alexander},
  journal={Journal of the American Statistical Association},
  pages={1--17},
  year={2020},
  publisher={Taylor \& Francis}
}



@article{Lomeli.2021,
 author = {Lomeli, Luis D. J. and Ngo, Michelle N. and Wakefield, Jon and Shahbaba, Babak and Minin, Vladimir N.},
 year = {2021},
 title = {Statistical implications of relaxing the homogeneous mixing assumption in time series Susceptible-Infectious-Removed models},
 journal = {arXiv preprint arXiv:2112.03186}
}


@article{Marjoram.2013,
 author = {Marjoram, Paul},
 year = {2013},
 title = {Approximation {B}ayesian {C}omputation},
 pages = {853},
 volume = {1},
 number = {3},
 journal = {OA genetics}
}


@article{McKinley.2018,
 author = {McKinley, Trevelyan J. and Vernon, Ian and Andrianakis, Ioannis and McCreesh, Nicky and Oakley, Jeremy E. and Nsubuga, Rebecca N. and Goldstein, Michael and White, Richard G.},
 year = {2018},
 title = {Approximate {B}ayesian {C}omputation and simulation-based inference for complex stochastic epidemic models},
 pages = {4--18},
 volume = {33},
 number = {1},
 journal = {Statistical science}
}


@article{Morozova.2021,
 author = {Morozova, Olga and Li, Zehang Richard and Crawford, Forrest W.},
 year = {2021},
 title = {One year of modeling and forecasting COVID-19 transmission to support policymakers in Connecticut},
 journal = {medRxiv}
}


@article{MTW.1996,
 author = {MTW and Ross, Sheldon},
 year = {1996},
 title = {Stochastic Processes},
 pages = {1754},
 volume = {91},
 number = {436},
 issn = {0162-1459},
 journal = {Journal of the American Statistical Association},
 doi = {10.2307/2291619}
}


@article{Jones.2004b,
 author = {Jones, Galin L.},
 year = {2004},
 title = {On the Markov chain central limit theorem},
 pages = {299--320},
 volume = {1},
 journal = {Probability surveys}
}


@article{Neal.2005,
 author = {Neal, Peter and Roberts, Gareth},
 year = {2005},
 title = {A case study in non-centering for data augmentation: stochastic epidemics},
 pages = {315--327},
 volume = {15},
 number = {4},
 journal = {Statistics and Computing}
}


@article{Neuts.1971,
 author = {Neuts, Marcel F. and Resnick, Sidney I.},
 year = {1971},
 title = {On the times of births in a linear birth process},
 pages = {473--475},
 volume = {12},
 number = {4},
 journal = {Journal of the Australian Mathematical Society}
}


@article{ONeill.1999,
 author = {O'Neill, Philip D. and Roberts, Gareth O.},
 year = {1999},
 title = {Bayesian inference for partially observed stochastic epidemics},
 pages = {121--129},
 volume = {162},
 number = {1},
 journal = {Journal of the Royal Statistical Society: Series A (Statistics in Society)}
}


@article{Pooley.2015,
 author = {Pooley, C. M. and Bishop, S. C. and Marion, G.},
 year = {2015},
 title = {Using model-based proposals for fast parameter inference on discrete state space, continuous-time {M}arkov processes},
 pages = {20150225},
 volume = {12},
 number = {107},
 journal = {Journal of the Royal Society Interface}
}


@book{Ripley.2009,
 author = {Ripley, Brian D.},
 year = {2009},
 title = {Stochastic simulation},
 volume = {316},
 publisher = {{John Wiley {\&} Sons}}
}


@article{Robert.2011,
 author = {Robert, Christian P. and Cornuet, Jean-Marie and Marin, Jean-Michel and Pillai, Natesh S.},
 year = {2011},
 title = {Lack of confidence in approximate {B}ayesian computation model choice},
 pages = {15112--15117},
 volume = {108},
 number = {37},
 journal = {Proceedings of the National Academy of Sciences}
}


@book{Ross.1996,
 author = {Ross, Sheldon M. and Kelly, John J. and Sullivan, Roger J. and Perry, William James and Mercer, Donald and Davis, Ruth M. and Washburn, Thomas Dell and Sager, Earl V. and Boyce, Joseph B. and Bristow, Vincent L.},
 year = {1996},
 title = {Stochastic processes},
 volume = {2},
 publisher = {{Wiley New York}}
}


@article{Severo.1969,
 author = {Severo, Norman C.},
 year = {1969},
 title = {Generalizations of some stochastic epidemic models},
 pages = {395--402},
 volume = {4},
 number = {3-4},
 journal = {Mathematical biosciences}
}


@inproceedings{Streftaris.2002,
 author = {Streftaris, George and Gibson, Gavin J.},
 title = {Statistical inference for stochastic epidemic models},
 pages = {609--616},
 booktitle = {Proc. 17th international Workshop on Statistical Modeling},
 year = {2002}
}


@article{morozova2021one,
  title={One year of modeling and forecasting {COVID}-19 transmission to support policymakers in Connecticut},
  author={Morozova, Olga and Li, Zehang Richard and Crawford, Forrest W},
  journal={Scientific Reports},
  year={2021},
 volume = {11},
 number = {20271},
}



@article{Sudbury.1985,
 author = {Sudbury, Aidan},
 year = {1985},
 title = {The proportion of the population never hearing a rumour},
 pages = {443--446},
 journal = {Journal of applied probability}
}


@article{Tanner.1987,
 author = {Tanner, Martin A. and Wong, Wing Hung},
 year = {1987},
 title = {The calculation of posterior distributions by data augmentation},
 pages = {528--540},
 volume = {82},
 number = {398},
 journal = {Journal of the American statistical association}
}


@article{Tierney.1994,
 author = {Tierney, Luke},
 year = {1994},
 title = {Markov chains for exploring posterior distributions},
 pages = {1701--1728},
 journal = {the Annals of Statistics}
}


@article{Neuts.1971,
 author = {Neuts, Marcel F. and Resnick, Sidney I.},
 year = {1971},
 title = {On the times of births in a linear birthprocess},
 pages = {473--475},
 volume = {12},
 number = {4},
 journal = {Journal of the Australian Mathematical Society}
}


@article{Touloupou.2020,
 author = {Touloupou, Panayiota and Finkenst{\"a}dt, B{\"a}rbel and Spencer, Simon E. F.},
 year = {2020},
 title = {Scalable Bayesian inference for coupled hidden Markov and semi-Markov models},
 pages = {238--249},
 volume = {29},
 number = {2},
 journal = {Journal of Computational and Graphical Statistics}
}


@article{Jandarov.2014,
 author = {Jandarov, Roman and Haran, Murali and Bj{\o}rnstad, Ottar and Grenfell, Bryan},
 year = {2014},
 title = {Emulating a gravity model to infer the spatiotemporal dynamics of an infectious disease},
 pages = {423--444},
 journal = {Journal of the Royal Statistical Society: Series C: Applied Statistics}
}


@article{Hobolth.2009,
 author = {Hobolth, Asger and Stone, Eric A.},
 year = {2009},
 title = {Simulation from endpoint-conditioned, continuous-time {M}arkov chains on a finite state space, with applications to molecular evolution},
 pages = {1204},
 volume = {3},
 number = {3},
 journal = {The Annals of Applied Statistics}
}


@article{Hobolth.2009b,
 author = {Hobolth, Asger and Stone, Eric A.},
 year = {2009},
 title = {Simulation from endpoint-conditioned, continuous-time {M}arkov chains on a finite state space, with applications to molecular evolution},
 pages = {1204},
 volume = {3},
 number = {3},
 journal = {The Annals of Applied Statistics}
}


@article{Ho.2018,
 author = {Ho, Lam Si Tung and Xu, Jason and Crawford, Forrest W. and Minin, Vladimir N. and Suchard, Marc A.},
 year = {2018},
 title = {Birth/birth-death processes and their computable transition probabilities with biological applications},
 pages = {911--944},
 volume = {76},
 number = {4},
 journal = {Journal of mathematical biology}
}


@article{Abbey.1952,
 author = {Abbey, Helen},
 year = {1952},
 title = {An examination of the Reed-Frost theory of epidemics},
 pages = {201},
 volume = {24},
 number = {3},
 journal = {Human biology}
}


@book{Bailey.1975,
 author = {Bailey, Norman T. J. and others},
 year = {1975},
 title = {The mathematical theory of infectious diseases and its applications},
 publisher = {{Charles Griffin {\&} Company Ltd 5a Crendon Street, High Wycombe, Bucks HP13 6LE}}
}


@article{Baize.2014,
 author = {Baize, Sylvain and Pannetier, Delphine and Oestereich, Lisa and Rieger, Toni and Koivogui, Lamine and Magassouba, N'Faly and Soropogui, Barr{\`e} and Sow, Mamadou Saliou and Keita, Sakoba and de Clerck, Hilde and others},
 year = {2014},
 title = {Emergence of Zaire Ebola virus disease in Guinea},
 pages = {1418--1425},
 volume = {371},
 number = {15},
 journal = {New England Journal of Medicine}
}


@article{Beaumont.2002,
 author = {Beaumont, Mark A. and Zhang, Wenyang and Balding, David J.},
 year = {2002},
 title = {Approximate {B}ayesian computation in population genetics},
 pages = {2025--2035},
 volume = {162},
 number = {4},
 journal = {Genetics}
}


@article{Becker.1977,
 author = {Becker, Niels G.},
 year = {1977},
 title = {On a general stochastic epidemic model},
 pages = {23--36},
 volume = {11},
 number = {1},
 journal = {Theoretical Population Biology}
}


@article{Becker.1999,
 author = {Becker, Niels G. and Britton, Tom},
 year = {1999},
 title = {Statistical studies of infectious disease incidence},
 pages = {287--307},
 volume = {61},
 number = {2},
 journal = {Journal of the Royal Statistical Society: Series B (Statistical Methodology)}
}


@article{Bu.2020,
 author = {Bu, Fan and Aiello, Allison E. and Xu, Jason and Volfovsky, Alexander},
 year = {2020},
 title = {Likelihood-based Inference for Partially Observed Epidemics on Dynamic Networks},
 pages = {1--17},
 journal = {Journal of the American statistical association}
}


@article{Cauchemez.2008,
 author = {Cauchemez, Simon and Ferguson, Neil M.},
 year = {2008},
 title = {Likelihood-based estimation of continuous-time epidemic models from time-series data: application to measles transmission in London},
 pages = {885--897},
 volume = {5},
 number = {25},
 journal = {Journal of the Royal Society Interface}
}


@article{Coltart.2017,
 author = {Coltart, Cordelia E. M. and Lindsey, Benjamin and Ghinai, Isaac and Johnson, Anne M. and Heymann, David L.},
 year = {2017},
 title = {The Ebola outbreak, 2013--2016: old lessons for new epidemics},
 pages = {20160297},
 volume = {372},
 number = {1721},
 journal = {Philosophical Transactions of the Royal Society B: Biological Sciences}
}


@article{Devroye.2006,
 author = {Devroye, Luc},
 year = {2006},
 title = {Nonuniform random variate generation},
 pages = {83--121},
 volume = {13},
 journal = {Handbooks in operations research and management science}
}


@article{Touloupou.2020,
 author = {Touloupou, Panayiota and Finkenst{\"a}dt, B{\"a}rbel and Spencer, Simon E. F.},
 year = {2020},
 title = {Scalable {B}ayesian inference for coupled hidden {M}arkov and semi-{M}arkov models},
 pages = {238--249},
 volume = {29},
 number = {2},
 journal = {Journal of Computational and Graphical Statistics}
}

@article{Hobolth.2009b,
 author = {Hobolth, Asger and Stone, Eric A.},
 year = {2009},
 title = {Simulation from endpoint-conditioned, continuous-time Markov chains on a finite state space, with applications to molecular evolution},
 pages = {1204},
 volume = {3},
 number = {3},
 journal = {The Annals of Applied Statistics}
}


@article{Faulkner.2018,
 author = {Faulkner, James R. and Minin, Vladimir N.},
 year = {2018},
 title = {Locally adaptive smoothing with {M}arkov random fields and shrinkage priors},
 pages = {225},
 volume = {13},
 number = {1},
 journal = {Bayesian analysis}
}


@article{Fintzi.2020,
 author = {Fintzi, Jonathan and Wakefield, Jon and Minin, Vladimir N.},
 year = {2020},
 title = {A linear noise approximation for stochastic epidemic models fit to partially observed incidence counts},
 journal = {arXiv preprint arXiv:2001.05099}
}


@article{Flegal.2010,
 author = {Flegal, James M. and Jones, Galin L.},
 year = {2010},
 title = {Batch means and spectral variance estimators in {M}arkov chain {M}onte {C}arlo},
 pages = {1034--1070},
 volume = {38},
 number = {2},
 journal = {the Annals of Statistics}
}


@article{Flegal.2010b,
 author = {Flegal, James M. and Jones, Galin L.},
 year = {2010},
 title = {Batch means and spectral variance estimators in {M}arkov chain {M}onte {C}arlo},
 pages = {1034--1070},
 volume = {38},
 number = {2},
 journal = {the Annals of Statistics}
}


@article{Gelfand.1990,
 author = {Gelfand, Alan E. and Smith, Adrian F. M.},
 year = {1990},
 title = {Sampling-based approaches to calculating marginal densities},
 pages = {398--409},
 volume = {85},
 number = {410},
 journal = {Journal of the American statistical association}
}


@article{Gibson.1998,
 author = {Gibson, Gavin J. and Renshaw, Eric},
 year = {1998},
 title = {Estimating parameters in stochastic compartmental models using {M}arkov chain methods},
 pages = {19--40},
 volume = {15},
 number = {1},
 journal = {Mathematical Medicine and Biology: A Journal of the IMA}
}


@article{Gillespie.1977,
 author = {Gillespie, Daniel T.},
 year = {1977},
 title = {Exact stochastic simulation of coupled chemical reactions},
 pages = {2340--2361},
 volume = {81},
 number = {25},
 journal = {The journal of physical chemistry}
}


@article{Green.1995,
 author = {Green, Peter J.},
 year = {1995},
 title = {Reversible jump {M}arkov chain {M}onte {C}arlo computation and {B}ayesian model determination},
 pages = {711--732},
 volume = {82},
 number = {4},
 journal = {Biometrika}
}


@article{Greenwood.1931,
 author = {Greenwood, Major},
 year = {1931},
 title = {On the statistical measure of infectiousness},
 pages = {336--351},
 volume = {31},
 number = {3},
 journal = {Epidemiology {\&} Infection}
}


@book{Guttorp.2018,
 author = {Guttorp, Peter},
 year = {2018},
 title = {Stochastic modeling of scientific data},
 publisher = {{CRC Press}}
}


@article{Ho.2018,
 author = {Ho, Lam Si Tung and Crawford, Forrest W. and Suchard, Marc A. and others},
 year = {2018},
 title = {Direct likelihood-based inference for discretely observed stochastic compartmental models of infectious disease},
 pages = {1993--2021},
 volume = {12},
 number = {3},
 journal = {The Annals of Applied Statistics}
}


@article{Ho.2018b,
 author = {Ho, Lam Si Tung and Xu, Jason and Crawford, Forrest W. and Minin, Vladimir N. and Suchard, Marc A.},
 year = {2018},
 title = {Birth/birth-death processes and their computable transition probabilities with biological applications},
 pages = {911--944},
 volume = {76},
 number = {4},
 journal = {Journal of mathematical biology}
}


@article{Fintzi.2017,
 author = {Fintzi, Jonathan and Cui, Xiang and Wakefield, Jon and Minin, Vladimir N.},
 year = {2017},
 title = {Efficient data augmentation for fitting stochastic epidemic models to prevalence data},
 pages = {918--929},
 volume = {26},
 number = {4},
 journal = {Journal of Computational and Graphical Statistics}
}


@article{Watson.1981,
 author = {Watson, Ray},
 year = {1981},
 title = {An application of a martingale central limit theorem to the standard epidemic model},
 pages = {79--89},
 volume = {11},
 number = {1},
 journal = {Stochastic Processes and Their Applications}
}


